% This file was created with JabRef 2.5.
% Encoding: UTF-8
% See the "IEEEtran_bst_HOWTO.pdf" manual for usage information.
%======================== Sessão Nova =================================

%Referencia do artigo de desenvolvimento hibrido de software.
@article{cho2009hybrid,
  title={A Hybrid Software Development Method For Large-Scale Projects: Rational Unified Process With Scrum},
  author={Cho, Juyun},
  journal={Journal of Issues in Information Systems},
  volume={5},
  number={2},
  pages={340--348},
  year={2009}
}

@inproceedings{de2004analise,
  title={Uma Análise Crítica dos Desafios para Engenharia de Requisitos em Manutenção de Software.},
  author={de Espindola, Rodrigo Santos and Majdenbaum, Azriel and Audy, Jorge Luis Nicolas},
  booktitle={WER},
  pages={226--238},
  year={2004}
}

@ONLINE{IBM:2014:Online,
author = {IBM},
title = {Rational Unified Process},
month = oct,
year = {2014},
url = {http://pic.dhe.ibm.com/infocenter/rpcmpose/v2r0/index.jsp}
}